<?xml version="1.0" encoding="UTF-8"?><collection xmlns="http://www.loc.gov/MARC21/slim"><record><leader>00420nam--2200121-i-4500</leader><controlfield tag="001">000032686</controlfield><controlfield tag="002">20161230</controlfield><controlfield tag="005">20161230201039</controlfield><controlfield tag="008">060222s1000------------r-----000-0-eng-d</controlfield><datafield ind1=" " ind2=" " tag="100"><subfield code="a">Kerkhof, F</subfield></datafield><datafield ind1=" " ind2=" " tag="245"><subfield code="a">Ir w. werner</subfield></datafield><datafield ind1=" " ind2=" " tag="260"><subfield code="a">Fernsehen. Einfuhrung In Die Physikalische Und Technischen Grundlagen... Mit Einem Geleitwort Vonmoller. 2-te Erganzte Auflage</subfield></datafield><datafield ind1=" " ind2=" " tag="490"><subfield code="a">Eindhoven Philips /1954/ Xvi+474p. Cu Fig +4pl. +3diagr</subfield></datafield></record></collection>